@article{bertsimas2020predictive,
  author    = {Bertsimas, Dimitris and Kallus, Nathan},
  title     = {From predictive to prescriptive analytics},
  journal   = {Management Science},
  year      = {2020},
  volume    = {66},
  number    = {3},
  pages     = {1025--1044},
  publisher = {INFORMS}
}

@article{sadana2024survey,
  author  = {Sadana, Utsav and Chenreddy, Abhilash and Delage, Erick and Forel, Alexandre and Frejinger, Emma and Vidal, Thibaut},
  title   = {A survey of contextual optimization methods for decision-making under uncertainty},
  journal = {European Journal of Operational Research},
  year    = {2024},
  volume  = {320},
  number  = {2},
  pages   = {271--289},
  doi     = {10.1016/j.ejor.2024.03.020}
}

@unpublished{Grigas-ICEO:2021,
  author = {Grigas, Paul and Qi, Meng and Shen, Zuo-Jun (Max)},
  title  = {Integrated conditional estimation-optimization},
  note   = {arXiv:2110.12351},
  year   = {2021}
}

@article{MAK199947,
  author  = {Mak, Wai-Kei and Morton, David P. and Wood, R. Kevin},
  title   = {Monte Carlo bounding techniques for determining solution quality in stochastic programs},
  journal = {Operations Research Letters},
  year    = {1999},
  volume  = {24},
  number  = {1},
  pages   = {47--56},
  doi     = {10.1016/S0167-6377(98)00054-6}
}

@article{mandi2024decision,
  author  = {Mandi, Jayanta and Kotary, James and Berden, Senne and Mulamba, Maxime and Bucarey, Victor and Guns, Tias and Fioretto, Ferdinando},
  title   = {Decision-focused learning: Foundations, state of the art, benchmark and future opportunities},
  journal = {Journal of Artificial Intelligence Research},
  year    = {2024},
  volume  = {80},
  pages   = {1623--1701}
}
