zotero_src/Literature Review NeurIps Satelite 2025.bib